<record><leader>00000cas a22000007a 4500</leader><controlfield tag="001">27164959</controlfield><controlfield tag="008">921223d19501974nmuwr ne      0    0eng d</controlfield><datafield ind1=" " ind2=" " tag="010"><subfield code="a">sn 92070493 </subfield></datafield><datafield ind1=" " ind2=" " tag="040"><subfield code="a">NVM</subfield><subfield code="b">eng</subfield><subfield code="c">NVM</subfield><subfield code="d">OCLCQ</subfield><subfield code="d">OCLCF</subfield><subfield code="d">OCLCO</subfield></datafield><datafield ind1=" " ind2=" " tag="042"><subfield code="a">msc</subfield></datafield><datafield ind1=" " ind2=" " tag="043"><subfield code="a">n-us-nm</subfield></datafield><datafield ind1="0" ind2=" " tag="130"><subfield code="a">Jal record (Jal, N.M. : 1950)</subfield></datafield><datafield ind1="1" ind2="4" tag="245"><subfield code="a">The Jal record.</subfield></datafield><datafield ind1=" " ind2=" " tag="260"><subfield code="a">Jal, N.M. :</subfield><subfield code="b">Floy Ann Wynn</subfield></datafield><datafield ind1=" " ind2=" " tag="300"><subfield code="a">v.</subfield></datafield><datafield ind1=" " ind2=" " tag="310"><subfield code="a">Weekly</subfield></datafield><datafield ind1="1" ind2=" " tag="362"><subfield code="a">Began with Feb. 2, 1950; ceased in May 1974.</subfield></datafield><datafield ind1=" " ind2=" " tag="530"><subfield code="a">Also on microfilm: El Paso, Tex. : Southwest Micropublishing, Inc.</subfield></datafield><datafield ind1=" " ind2=" " tag="588"><subfield code="a">Description based on: Vol. 1, no. 8 (Mar. 30, 1950).</subfield></datafield><datafield ind1=" " ind2="0" tag="651"><subfield code="a">Jal (N.M.)</subfield><subfield code="v">Newspapers.</subfield></datafield><datafield ind1=" " ind2="0" tag="651"><subfield code="a">Lea County (N.M.)</subfield><subfield code="v">Newspapers.</subfield></datafield><datafield ind1=" " ind2="7" tag="655"><subfield code="a">Newspapers.</subfield><subfield code="2">fast</subfield><subfield code="0">(OCoLC)fst01423814</subfield></datafield><datafield ind1=" " ind2="7" tag="651"><subfield code="a">New Mexico</subfield><subfield code="z">Jal.</subfield><subfield code="2">fast</subfield><subfield code="0">(OCoLC)fst01220472</subfield></datafield><datafield ind1=" " ind2="7" tag="651"><subfield code="a">New Mexico</subfield><subfield code="z">Lea County.</subfield><subfield code="2">fast</subfield><subfield code="0">(OCoLC)fst01209454</subfield></datafield><datafield ind1=" " ind2=" " tag="752"><subfield code="a">United States</subfield><subfield code="b">New Mexico</subfield><subfield code="c">Lea</subfield><subfield code="d">Jal.</subfield></datafield><datafield ind1="0" ind2="7" tag="785"><subfield code="t">Eunice star (Eunice, N.M. : 1953)</subfield><subfield code="w">(DLC)sn 94057070</subfield></datafield><datafield ind1="0" ind2="7" tag="785"><subfield code="t">Star record (Jal, N.M.)</subfield><subfield code="w">(DLC)sn 92070483</subfield></datafield></record>